% This file was created with Citavi 6.10.0.0

@book{Aals16,
 author = {{van der Aalst}, Wil M. P.},
 year = {2016},
 title = {{Process Mining: Data Science in Action}},
 address = {Berlin, Heidelberg},
 publisher = {{Springer Berlin Heidelberg}},
 isbn = {978-3-662-49850-7},
 doi = {\url{10.1007/978-3-662-49851-4}}
}


@incollection{Mann.2020,
 author = {Mann, S. and Pennekamp, J. and Brockhoff, T. and Farhang, A. and Pourbafrani, M. and Oster, L. and Uysal, M. S. and Sharma, R. and Reisgen, U. and Wehrle, K. and {van der Aalst}, W. M. P.},
 title = {{Connected, Digitalized Welding Production---Secure, Ubiquitous Utilization of Data Across Process Layers}},
 pages = {101--118},
 volume = {125},
 publisher = {{Springer Singapore}},
 isbn = {978-981-15-2956-6},
 series = {{Advanced Structured Materials}},
 editor = {{Da Silva}, Lucas F. M. and Martins, Paulo A. F. and El-Zein, Mohamad S.},
 booktitle = {{Advanced Joining Processes}},
 year = {2020},
 address = {Singapore},
 doi = {\url{10.1007/978-981-15-2957-3{\textunderscore }8}}
}


@incollection{PBWe20,
 author = {Peeperkorn, Jari and {vanden Broucke}, Seppe and de Weerdt, Jochen},
 title = {{Conformance Checking Using Activity and Trace Embeddings}},
 pages = {105--121},
 volume = {392},
 publisher = {{Springer International Publishing}},
 isbn = {978-3-030-58637-9},
 series = {{Lecture Notes in Business Information Processing}},
 editor = {Fahland, Dirk and Ghidini, Chiara and Becker, J{\"o}rg and Dumas, Marlon},
 booktitle = {{Business Process Management Forum}},
 year = {2020},
 address = {Cham},
 doi = {\url{10.1007/978-3-030-58638-6{\textunderscore }7}}
}


